@misc{MathWorksRLControlSystems,
    author = {{MathWorks}},
    title = {Reinforcement Learning for Control Systems Applications},
    year = {2024},
    url = {https://se.mathworks.com/help/reinforcement-learning/ug/reinforcement-learning-for-control-systems-applications.html},
    note = {Accessed: 2024-05-23}
}
@misc{matlab_q0_support,
    author = {{MathWorks}},
    title = {What exactly is Episode Q0? What information is it giving?},
    year = {2021},
    url = {https://se.mathworks.com/matlabcentral/answers/854195-what-exactly-is-episode-q0-what-information-is-it-giving},
    note = {Answered on 22/6/2021}
}
@misc{matlab_obsrwd,
  title = {Define Reward and Observation Signals in Custom Environments},
  howpublished = {\url{https://se.mathworks.com/help/reinforcement-learning/ug/define-reward-and-observation-signals.html}},
  note = {Accessed: May 26, 2024}
}
@misc{bairblog_modelbasedrl,
  title = {Model-based Reinforcement Learning with Neural Network Dynamics},
  howpublished = {\url{https://bair.berkeley.edu/blog/2017/11/30/model-based-rl/}},
}
@online{soumyad23,
    author = "Soumyadarshani Dash",
    title = "A Deep Dive into Model Quantization for Large-Scale Deployment",
    howpublished = "Analytics Vidhya",
    month = 11,
    year = 2023,
    url = "https://www.analyticsvidhya.com/blog/2023/11/model-quantization-for-large-scale-deployment/"
}
@misc{warmup_heat_distribution,
  title = {Heat Distribution Explained},
  howpublished = {\url{https://pro.warmup.co.uk/topic/heat-distribution-explained/}},
  author = {Warmup Pro},
}
@misc{heatloss_thru_walls,
  title = {Heat Loss By Conduction Through Walls Explained},
  howpublished = {\url{https://www.gbcoseyhomes.co.uk/The-Process}},
  author = {GB COSEY HOME LTD},
}
