@inbook{rlbible_rewarddesign,
  author    = {Richard S. Sutton and Andrew G. Barto},
  title     = {Designing Reward Signals},
  booktitle = {Reinforcement Learning An Introduction},
  publisher = {The MIT Press},
  year      = {2018},
  editor    = {Second},
  chapter   = {17.4},
  pages     = {469-472}
}
@inbook{rlbible_mdp,
  author    = {Richard S. Sutton and Andrew G. Barto},
  title     = {Finite Markov Decision Process},
  booktitle = {Reinforcement Learning An Introduction},
  publisher = {The MIT Press},
  year      = {2018},
  editor    = {Second},
  chapter   = {3.7-3.8},
  pages     = {74-79}
}
@inbook{rlbible_on_policy,
  author    = {Richard S. Sutton and Andrew G. Barto},
  title     = {On-policy Approximation of Action Values},
  booktitle = {Reinforcement Learning An Introduction},
  publisher = {The MIT Press},
  year      = {2018},
  editor    = {Second},
  chapter   = {9},
  pages     = {223-255}
}
@inbook{rlbible_off_policy,
  author    = {Richard S. Sutton and Andrew G. Barto},
  title     = {Off-policy Approximation of Action Values},
  booktitle = {Reinforcement Learning An Introduction},
  publisher = {The MIT Press},
  year      = {2018},
  editor    = {Second},
  chapter   = {10},
  pages     = {255-257}
}
@inbook{rlbible_multibandit,
  author    = {Richard S. Sutton and Andrew G. Barto},
  title     = {Multi-arm Bandits},
  booktitle = {Reinforcement Learning An Introduction},
  publisher = {The MIT Press},
  year      = {2018},
  editor    = {Second},
  chapter   = {2},
  pages     = {33-36}
}